<record><leader>00000cas a22000007a 4500</leader><controlfield tag="001">34241145</controlfield><controlfield tag="008">960222d190419uusduwr ne      0    0eng d</controlfield><datafield ind1=" " ind2=" " tag="010"><subfield code="a">sn 95076648 </subfield></datafield><datafield ind1=" " ind2=" " tag="040"><subfield code="a">SXN</subfield><subfield code="b">eng</subfield><subfield code="c">SXN</subfield><subfield code="d">OCLCQ</subfield><subfield code="d">OCLCF</subfield><subfield code="d">OCLCO</subfield></datafield><datafield ind1="1" ind2=" " tag="029"><subfield code="a">AU@</subfield><subfield code="b">000025864048</subfield></datafield><datafield ind1=" " ind2=" " tag="042"><subfield code="a">msc</subfield></datafield><datafield ind1=" " ind2=" " tag="043"><subfield code="a">n-us-sd</subfield></datafield><datafield ind1="0" ind2="0" tag="245"><subfield code="a">Lyman County Republican and Lyman County news.</subfield></datafield><datafield ind1="1" ind2=" " tag="246"><subfield code="i">Issues for June 30-July 7, 1904 published as:</subfield><subfield code="a">Lyman County Republican</subfield></datafield><datafield ind1=" " ind2=" " tag="260"><subfield code="a">Presho, S.D. :</subfield><subfield code="b">W.H. McMaster</subfield></datafield><datafield ind1=" " ind2=" " tag="300"><subfield code="a">v.</subfield></datafield><datafield ind1=" " ind2=" " tag="310"><subfield code="a">Weekly</subfield></datafield><datafield ind1="0" ind2=" " tag="362"><subfield code="a">Vol. 1, no. 46 (May 12, 1904)-</subfield></datafield><datafield ind1=" " ind2=" " tag="500"><subfield code="a">Published in: Mussman, later named Draper, May 11, 1905-&lt;May 20, 1909&gt;</subfield></datafield><datafield ind1=" " ind2=" " tag="530"><subfield code="a">Available on microfilm from: State Archives, South Dakota State Historical Society.</subfield></datafield><datafield ind1=" " ind2=" " tag="580"><subfield code="a">Lyman County news was consolidated with: Lyman County record. The Lyman County Republican publisher bought a part of the Lyman County news subscription list.</subfield></datafield><datafield ind1=" " ind2="0" tag="651"><subfield code="a">Presho (S.D.)</subfield><subfield code="v">Newspapers.</subfield></datafield><datafield ind1=" " ind2="0" tag="651"><subfield code="a">Draper (S.D.)</subfield><subfield code="v">Newspapers.</subfield></datafield><datafield ind1=" " ind2="0" tag="651"><subfield code="a">Jones County (S.D.)</subfield><subfield code="v">Newspapers.</subfield></datafield><datafield ind1=" " ind2="0" tag="651"><subfield code="a">Lyman County (S.D.)</subfield><subfield code="v">Newspapers.</subfield></datafield><datafield ind1=" " ind2="4" tag="651"><subfield code="a">Mussman (S.D.)</subfield><subfield code="v">Newspapers.</subfield></datafield><datafield ind1=" " ind2="7" tag="655"><subfield code="a">Newspapers.</subfield><subfield code="2">fast</subfield><subfield code="0">(OCoLC)fst01423814</subfield></datafield><datafield ind1=" " ind2="7" tag="651"><subfield code="a">South Dakota</subfield><subfield code="z">Draper.</subfield><subfield code="2">fast</subfield><subfield code="0">(OCoLC)fst01874033</subfield></datafield><datafield ind1=" " ind2="7" tag="651"><subfield code="a">South Dakota</subfield><subfield code="z">Jones County.</subfield><subfield code="2">fast</subfield><subfield code="0">(OCoLC)fst01215599</subfield></datafield><datafield ind1=" " ind2="7" tag="651"><subfield code="a">South Dakota</subfield><subfield code="z">Lyman County.</subfield><subfield code="2">fast</subfield><subfield code="0">(OCoLC)fst01215597</subfield></datafield><datafield ind1=" " ind2="7" tag="651"><subfield code="a">South Dakota</subfield><subfield code="z">Presho.</subfield><subfield code="2">fast</subfield><subfield code="0">(OCoLC)fst01263511</subfield></datafield><datafield ind1=" " ind2=" " tag="752"><subfield code="a">United States</subfield><subfield code="b">South Dakota</subfield><subfield code="c">Jones</subfield><subfield code="d">Draper.</subfield></datafield><datafield ind1=" " ind2=" " tag="752"><subfield code="a">United States</subfield><subfield code="b">South Dakota</subfield><subfield code="c">Lyman</subfield><subfield code="d">Presho.</subfield></datafield><datafield ind1="1" ind2="1" tag="780"><subfield code="t">Lyman County news</subfield></datafield><datafield ind1="1" ind2="0" tag="780"><subfield code="t">Lyman County Republican</subfield><subfield code="w">(DLC)sn 95076647</subfield></datafield></record>